<?xml version="1.0" encoding="UTF-8"?><collection xmlns="http://www.loc.gov/MARC21/slim"><record><leader>00458nam--2200169-u-4500</leader><controlfield tag="001">000051969</controlfield><controlfield tag="002">20161230</controlfield><controlfield tag="005">20170106164045</controlfield><controlfield tag="008">090513s1000------------r-----000-0-eng-d</controlfield><datafield ind1=" " ind2=" " tag="040"><subfield code="a">IFIN-HH</subfield></datafield><datafield ind1=" " ind2=" " tag="080"><subfield code="a">517.9</subfield></datafield><datafield ind1="1" ind2=" " tag="100"><subfield code="a">Sultangazin, U. M</subfield></datafield><datafield ind1="1" ind2="0" tag="245"><subfield code="a">Metody Sfericheskikh armonik i Diskretnykh Ordinat v Zadachakh kineticheskoi Teorii Perenosa</subfield></datafield><datafield ind1=" " ind2=" " tag="260"><subfield code="a">Alma-Ata</subfield><subfield code="c">1979</subfield></datafield><datafield ind1=" " ind2=" " tag="300"><subfield code="a">266 p</subfield></datafield><datafield ind1=" " ind2=" " tag="852"><subfield code="a">75497</subfield><subfield code="c">517.9</subfield></datafield><datafield ind1=" " ind2=" " tag="CAT"><subfield code="a">SYS</subfield><subfield code="c">20170106</subfield><subfield code="h">164045</subfield></datafield></record></collection>